<?xml version="1.0" encoding="UTF-8"?><collection xmlns="http://www.loc.gov/MARC21/slim"><record><leader>00360nam--2200121-i-4500</leader><controlfield tag="001">000016357</controlfield><controlfield tag="002">20161230</controlfield><controlfield tag="005">20161230201031</controlfield><controlfield tag="008">060222s1000------------r-----000-0-eng-d</controlfield><datafield ind1=" " ind2=" " tag="100"><subfield code="a">Arditi,Maurice</subfield></datafield><datafield ind1=" " ind2=" " tag="245"><subfield code="a">Application des principles de la double resonance la realisation d horloges atomiques. these</subfield></datafield><datafield ind1=" " ind2=" " tag="260"><subfield code="a">Paris,Universite,1958. 44p.+ Fig</subfield></datafield><datafield ind1=" " ind2=" " tag="852"><subfield code="a">78106</subfield></datafield></record></collection>